%% LaTeX2e file `shortbib.bib'
%% generated by the `filecontents' environment
%% from source `main' on 2013/07/27.
%%
@book{Boyer,
  author={C. B. Boyer and U. C. Merzbach},
  title={A History of Mathematics},
  publisher={Wiley},
  year={2011},
  month={January},
  edition={3}
}
@book{Chemla,
  author={K. Chemla},
  title={The History of Mathematical Proof in Ancient Traditions},
  publisher={Cambridge University Press},
  year={2012},
  month={August},
  edition={1}
}
@misc{O'Connor,
  author={J. J. O'Connor and E. F. Robertson},
  title={Nine Chapters on the Mathematical Art},
  year={2003},
  month={December},
  howpublished={\url{http://www-groups.dcs.st-and.ac.uk/history/HistTopics/Nine\_chapters.html}}
}
@article{Mueller,
  jstor_articletype = {research-article},
  title = {Euclid's Elements and the Axiomatic Method},
  author = {I. Mueller},
  journal = {The British Journal for the Philosophy of Science},
  jstor_issuetitle = {},
  volume = {20},
  number = {4},
  jstor_formatteddate = {Dec., 1969},
  pages = {pp. 289-309},
  url = {http://www.jstor.org/stable/686258},
  ISSN = {00070882},
  abstract = {},
  language = {English},
  year = {1969},
  publisher = {Oxford University Press on behalf of The British Society for the Philosophy of Science},
  copyright = {Copyright Â© 1969 The British Society for the Philosophy of Science},
}
@misc{Joyce,
  author={D. E. Joyce},
  title={Euclid's Elements},
  year={1998},
  howpublished={\url{http://aleph0.clarku.edu/~djoyce/java/elements/Euclid.html}}
}
@book{Shen,
  title = {The Nine Chapters on the Mathematical Art: Companion and Commentary},
  isbn = {0198539363  9780198539360  7030061012  9787030061010},
  shorttitle = {The Nine Chapters on the Mathematical Art},
  language = {Translated from the Chinese.},
  publisher = {Oxford University Press; Science Press},
  author = {K. Shen, J. N. Crossley, and A. W.-C Lun},
  year = {1999}
}
@misc{Wagner,
  author={W. B. Wagner},
  title={A proof of the Pythagorean Theorem by {Liu Hui}
  (third century {AD})},
  howpublished={\url{http://donwagner.dk/Pythagoras/Pythagoras.html}}
}





